% Encoding: UTF-8

@Book{ElNaqa2015,
  author    = {El Naqa, Issam and Murphy, Murphy},
  date      = {2015},
  title     = {Machine Learning in Radiation Oncology},
  chapter   = {What Is Machine Learning?},
  isbn      = {978-3-319-18305-3},
  publisher = {Springer, Cham},
  url       = {https://doi.org/10.1007/978-3-319-18305-3_1},
  year      = {2015},
}

@Book{Mohri2018,
  author = {Mohri, Mhryar and Rostamizadeh, Afshin and Talwalkar, Ameet},
  date   = {2018},
  title  = {Foundations of machine learning},
  url    = {https://books.google.be/books?id=dWB9DwAAQBAJ&lpg=PR5&ots=AypXYPq-m1&dq=Foundations of Machine Learning,&lr&hl=nl&pg=PR5#v=onepage&q=Foundations of Machine Learning,&f=false},
}

@Article{DeVreese2017,
  author = {De Vreese, S},
  date   = {2017},
  title  = {Introduction to Machine Learning with Spark},
}

@Book{Cunningham2008,
  author = {Cunningham, PÃ¡draig and Cord, Matthieu and Delaney, Sarah Jane},
  date   = {2008},
  title  = {Machine Learning Techniques for Multimedia},
}

@Book{Hinton1999,
  author    = {Hinton, Geoffrey and Senowski, Terrence},
  date      = {1999},
  title     = {Unsupervised Learning: Foundations of Neural Computation},
  publisher = {MIT Press},
}

@Book{Sutton2018,
  author    = {Sutton, Richard and Barto, Andrew},
  date      = {2018},
  title     = {Reinforcement Learning},
  publisher = {Westchester Publishing Services},
  url       = {https://books.google.be/books?id=uWV0DwAAQBAJ&lpg=PR7&ots=mipMr-2-n9&dq=reinforcement learning&lr&hl=nl&pg=PP1#v=onepage&q=reinforcement learning&f=false},
}

@WWW{Google2021,
  author  = {Google},
  date    = {2021},
  editor  = {Google},
  title   = {Help everyone, everywhere - One CAPTCHA at a time.},
  url     = {https://www.google.com/recaptcha/intro/invisible.html?ref=producthunt#creation-of-value},
  urldate = {2021-08-08},
}

@Article{Vailaya1998,
  author       = {Vailaya, Aditya and Jain, Anil and Zhang, Hong Jiang},
  date         = {1998-12-01},
  journaltitle = {Pattern Recognition},
  title        = {ON IMAGE CLASSIFICATION: CITY IMAGES VS. LANDSCAPES},
  url          = {https://www.sciencedirect.com/science/article/abs/pii/S003132039800079X},
}

@Comment{jabref-meta: databaseType:biblatex;}
