% Encoding: UTF-8

@Article{ReaganMoore2000,
  author       = {Reagan Moore, Chaitan Baru, Arcot Rajasekar, Bertram Ludaescher, RichardMarciano, Michael Wan, Wayne Schroeder, and Amarnath Gupta},
  date         = {2000},
  journaltitle = {D-Lib Magazine},
  title        = {Collection-Based Persistent Digital Archives - Part 1},
  owner        = {jbuy519},
  timestamp    = {2014.03.28},
}

@Article{Wang2008,
  author       = {Xin-Jing Wang and Lei Zhang and Xirong Li and Wei-Ying M},
  date         = {2008},
  journaltitle = {IEEE},
  title        = {Annotating Images by Mining Image Search Results},
  series       = {s},
  owner        = {jbuy519},
  timestamp    = {2014.01.23},
}

@Article{LuisvonAhn2004,
  author       = {Luis von Ahn, Laura A Dabbish},
  date         = {2004},
  journaltitle = {CHI '04: Proceedings of the SIGCHI Conference on Human Factors in Computing Systems},
  title        = {Labeling images with a computer game},
}

@Article{JuliaMoehrmann2012,
  author       = {Julia Moehrmann, Gunther Heidemann},
  date         = {2012},
  journaltitle = {VIGTA '12: Proceedings of the 1st International Workshop on Visual Interfaces for Ground Truth Collection in Computer Vision Applications},
  title        = {Efficient annotation of image data sets for computer vision applications},
}

@Article{PekkaLeviaekangas2020,
  author       = {Pekka Levi√§kangas, Osmo Kauppila},
  date         = {2020},
  journaltitle = {International Journal of Technology, Policy and Management},
  title        = {Digitalisation of industries: a comparative analysis from Australia and Finland},
}

@Article{HenryC.LucasJr.2009,
  author       = {Henry C. Lucas Jr., .Jie Mein Goh},
  date         = {2009},
  journaltitle = {The Journal of Strategic Information Systems},
  title        = {Disruptive technology: How Kodak missed the digital photography revolution},
}

@Comment{jabref-meta: databaseType:biblatex;}
